<record><leader>00000cas a22000007a 4500</leader><controlfield tag="001">12485312</controlfield><controlfield tag="008">850903d18891893inudn ne      0    0eng d</controlfield><datafield ind1=" " ind2=" " tag="010"><subfield code="a">sn 85048056 </subfield></datafield><datafield ind1=" " ind2=" " tag="040"><subfield code="a">NPI</subfield><subfield code="b">eng</subfield><subfield code="c">NPI</subfield><subfield code="d">OCLCQ</subfield></datafield><datafield ind1=" " ind2=" " tag="042"><subfield code="a">msc</subfield></datafield><datafield ind1="0" ind2=" " tag="130"><subfield code="a">Daily herald (Madison, Ind.)</subfield></datafield><datafield ind1="1" ind2="4" tag="245"><subfield code="a">The daily herald.</subfield></datafield><datafield ind1=" " ind2=" " tag="260"><subfield code="a">Madison, Ind. :</subfield><subfield code="b">Lin. C. Jones,</subfield><subfield code="c">1889-1893.</subfield></datafield><datafield ind1=" " ind2=" " tag="300"><subfield code="a">5 v. :</subfield><subfield code="b">ill. (chiefly advertisements) ;</subfield><subfield code="c">60 cm.</subfield></datafield><datafield ind1=" " ind2=" " tag="310"><subfield code="a">Daily (except Sun.)</subfield></datafield><datafield ind1="0" ind2=" " tag="362"><subfield code="a">Vol. 6, no. 171 (Sept. 5, 1889)-v. 10, no. 221 (Oct. 21, 1893).</subfield></datafield><datafield ind1=" " ind2=" " tag="500"><subfield code="a">Democratic Cf. Miller, John W. Indiana newspaper bibliog.</subfield></datafield><datafield ind1=" " ind2=" " tag="580"><subfield code="a">Published also in a weekly edition called: Sept. 1889, Madison weekly herald; Sept. 1889-Oct. 1893, Weekly herald.</subfield></datafield><datafield ind1=" " ind2=" " tag="752"><subfield code="a">United States</subfield><subfield code="b">Indiana</subfield><subfield code="c">Jefferson</subfield><subfield code="d">Madison.</subfield></datafield><datafield ind1="1" ind2=" " tag="775"><subfield code="t">Madison weekly herald (Madison, Ind. : 1875)</subfield><subfield code="w">(DLC)sn 85048050</subfield></datafield><datafield ind1="1" ind2=" " tag="775"><subfield code="t">Weekly herald (Madison, Ind. : 1889)</subfield><subfield code="w">(DLC)sn 85048052</subfield></datafield><datafield ind1="0" ind2="0" tag="780"><subfield code="t">Madison daily herald (Madison, Ind. : 1889)</subfield><subfield code="w">(DLC)sn 86058029</subfield></datafield><datafield ind1="0" ind2="0" tag="785"><subfield code="t">Madison daily herald (Madison, Ind. : 1893)</subfield><subfield code="w">(DLC)sn 85048057</subfield></datafield><datafield ind1="1" ind2=" " tag="029"><subfield code="a">AU@</subfield><subfield code="b">000025840492</subfield></datafield></record>